@article{example,
    author  = "Jan van der Lugt",
    title   = "The {C}omprehensive {T}ex {A}rchive {N}etwork ({CTAN})",
    year    = "1993",
    journal = "TUGBoat",
    volume  = "14",
    number  = "3",
    pages   = "342--351"
}

@misc{website,
      author = "Fermentas Inc.",
      title = "Phage Lambda: description \& restriction map",
      month = "November",
      year = 2008,
      url = "http://www.fermentas.com/techinfo/nucleicacids/maplambda.htm"
}
